@misc{chen2020vggsound,
    title={VGGSound: A Large-scale Audio-Visual Dataset}, 
    author={Honglie Chen and Weidi Xie and Andrea Vedaldi and Andrew Zisserman},
    year={2020},
    eprint={2004.14368},
    archivePrefix={arXiv},
    primaryClass={cs.CV}
}

@inproceedings{audioset,
    title	= {Audio Set: An ontology and human-labeled dataset for audio events},
    author	= {Jort F. Gemmeke and Daniel P. W. Ellis and Dylan Freedman and Aren Jansen and Wade Lawrence and R. Channing Moore and Manoj Plakal and Marvin Ritter},
    year	= {2017},
    booktitle	= {Proc. IEEE ICASSP 2017},
    address	= {New Orleans, LA}
}

@misc{chen2020simple,
      title={A Simple Framework for Contrastive Learning of Visual Representations}, 
      author={Ting Chen and Simon Kornblith and Mohammad Norouzi and Geoffrey Hinton},
      year={2020},
      eprint={2002.05709},
      archivePrefix={arXiv},
      primaryClass={cs.LG}
}

@ARTICLE{hinton2012speech,
  author={G. {Hinton} and L. {Deng} and D. {Yu} and G. E. {Dahl} and A. {Mohamed} and N. {Jaitly} and A. {Senior} and V. {Vanhoucke} and P. {Nguyen} and T. N. {Sainath} and B. {Kingsbury}},
  journal={IEEE Signal Processing Magazine}, 
  title={Deep Neural Networks for Acoustic Modeling in Speech Recognition: The Shared Views of Four Research Groups}, 
  year={2012},
  volume={29},
  number={6},
  pages={82-97},
  doi={10.1109/MSP.2012.2205597}}


@book{smith1997dsp,
author = {Smith, Steven W.},
title = {The Scientist and Engineer's Guide to Digital Signal Processing},
year = {1997},
isbn = {0966017633},
publisher = {California Technical Publishing},
address = {USA}
}

@inproceedings{imagenet_cvpr09,
        AUTHOR = {Deng, J. and Dong, W. and Socher, R. and Li, L.-J. and Li, K. and Fei-Fei, L.},
        TITLE = {{ImageNet: A Large-Scale Hierarchical Image Database}},
        BOOKTITLE = {CVPR09},
        YEAR = {2009},
        BIBSOURCE = "http://www.image-net.org/papers/imagenet_cvpr09.bib"}

@book{goodfellow2016deeplearning,
author = {Goodfellow, Ian and Bengio, Yoshua and Courville, Aaron},
title = {Deep Learning},
year = {2016},
isbn = {0262035618},
publisher = {The MIT Press},
abstract = {"Written by three experts in the field, Deep Learning is the only comprehensive book on the subject." -- Elon Musk, cochair of OpenAI; cofounder and CEO of Tesla and SpaceXDeep learning is a form of machine learning that enables computers to learn from experience and understand the world in terms of a hierarchy of concepts. Because the computer gathers knowledge from experience, there is no need for a human computer operator to formally specify all the knowledge that the computer needs. The hierarchy of concepts allows the computer to learn complicated concepts by building them out of simpler ones; a graph of these hierarchies would be many layers deep. This book introduces a broad range of topics in deep learning. The text offers mathematical and conceptual background, covering relevant concepts in linear algebra, probability theory and information theory, numerical computation, and machine learning. It describes deep learning techniques used by practitioners in industry, including deep feedforward networks, regularization, optimization algorithms, convolutional networks, sequence modeling, and practical methodology; and it surveys such applications as natural language processing, speech recognition, computer vision, online recommendation systems, bioinformatics, and videogames. Finally, the book offers research perspectives, covering such theoretical topics as linear factor models, autoencoders, representation learning, structured probabilistic models, Monte Carlo methods, the partition function, approximate inference, and deep generative models. Deep Learning can be used by undergraduate or graduate students planning careers in either industry or research, and by software engineers who want to begin using deep learning in their products or platforms. A website offers supplementary material for both readers and instructors.}
}

@misc{grill2020bootstrap,
      title={Bootstrap your own latent: A new approach to self-supervised Learning}, 
      author={Jean-Bastien Grill and Florian Strub and Florent Altché and Corentin Tallec and Pierre H. Richemond and Elena Buchatskaya and Carl Doersch and Bernardo Avila Pires and Zhaohan Daniel Guo and Mohammad Gheshlaghi Azar and Bilal Piot and Koray Kavukcuoglu and Rémi Munos and Michal Valko},
      year={2020},
      eprint={2006.07733},
      archivePrefix={arXiv},
      primaryClass={cs.LG}
}

@misc{richemond2020byol,
      title={BYOL works even without batch statistics}, 
      author={Pierre H. Richemond and Jean-Bastien Grill and Florent Altché and Corentin Tallec and Florian Strub and Andrew Brock and Samuel Smith and Soham De and Razvan Pascanu and Bilal Piot and Michal Valko},
      year={2020},
      eprint={2010.10241},
      archivePrefix={arXiv},
      primaryClass={stat.ML}
}

@misc{chen2020big,
      title={Big Self-Supervised Models are Strong Semi-Supervised Learners}, 
      author={Ting Chen and Simon Kornblith and Kevin Swersky and Mohammad Norouzi and Geoffrey Hinton},
      year={2020},
      eprint={2006.10029},
      archivePrefix={arXiv},
      primaryClass={cs.LG}
}

@ARTICLE{khamparia2019soundclassification,
  author={A. {Khamparia} and D. {Gupta} and N. G. {Nguyen} and A. {Khanna} and B. {Pandey} and P. {Tiwari}},
  journal={IEEE Access}, 
  title={Sound Classification Using Convolutional Neural Network and Tensor Deep Stacking Network}, 
  year={2019},
  volume={7},
  number={},
  pages={7717-7727},
  doi={10.1109/ACCESS.2018.2888882}}

@book{becker2003advances,
  title={Advances in Neural Information Processing Systems 15: Proceedings of the 2002 Conference},
  author={Becker, S. and Thrun, S. and Obermayer, K.},
  isbn={9780262025508},
  series={Advances in neural information processing systems},
  url={https://books.google.de/books?id=AAVSDw4Rw9UC},
  year={2003},
  publisher={MIT Press}
}

@misc{chung2020defence,
      title={In defence of metric learning for speaker recognition}, 
      author={Joon Son Chung and Jaesung Huh and Seongkyu Mun and Minjae Lee and Hee Soo Heo and Soyeon Choe and Chiheon Ham and Sunghwan Jung and Bong-Jin Lee and Icksang Han},
      year={2020},
      eprint={2003.11982},
      archivePrefix={arXiv},
      primaryClass={eess.AS}
}

@INPROCEEDINGS{Weinberger09distancemetric,
    author = {Kilian Q. Weinberger and John Blitzer and Lawrence K. Saul},
    title = {Distance metric learning for large margin nearest neighbor classification},
    booktitle = {In NIPS},
    year = {2009},
    publisher = {MIT Press}
}

@INPROCEEDINGS{hadsell06dimensionality,
  author={R. {Hadsell} and S. {Chopra} and Y. {LeCun}},
  booktitle={2006 IEEE Computer Society Conference on Computer Vision and Pattern Recognition (CVPR'06)}, 
  title={Dimensionality Reduction by Learning an Invariant Mapping}, 
  year={2006},
  volume={2},
  number={},
  pages={1735-1742},
  doi={10.1109/CVPR.2006.100}
}

@misc{wu2018unsupervised,
      title={Unsupervised Feature Learning via Non-Parametric Instance-level Discrimination}, 
      author={Zhirong Wu and Yuanjun Xiong and Stella Yu and Dahua Lin},
      year={2018},
      eprint={1805.01978},
      archivePrefix={arXiv},
      primaryClass={cs.CV}
}

@incollection{NIPS2012_4824,
    title = {ImageNet Classification with Deep Convolutional Neural Networks},
    author = {Alex Krizhevsky and Sutskever, Ilya and Hinton, Geoffrey E},
    booktitle = {Advances in Neural Information Processing Systems 25},
    editor = {F. Pereira and C. J. C. Burges and L. Bottou and K. Q. Weinberger},
    pages = {1097--1105},
    year = {2012},
    publisher = {Curran Associates, Inc.},
    url = {http://papers.nips.cc/paper/4824-imagenet-classification-with-deep-convolutional-neural-networks.pdf}
}

@misc{rezende2016oneshot,
      title={One-Shot Generalization in Deep Generative Models}, 
      author={Danilo Jimenez Rezende and Shakir Mohamed and Ivo Danihelka and Karol Gregor and Daan Wierstra},
      year={2016},
      eprint={1603.05106},
      archivePrefix={arXiv},
      primaryClass={stat.ML}
}

@misc{arik2018neural,
      title={Neural Voice Cloning with a Few Samples}, 
      author={Sercan O. Arik and Jitong Chen and Kainan Peng and Wei Ping and Yanqi Zhou},
      year={2018},
      eprint={1802.06006},
      archivePrefix={arXiv},
      primaryClass={cs.CL}
}

@misc{chou2019learning,
      title={Learning to match transient sound events using attentional similarity for few-shot sound recognition}, 
      author={Szu-Yu Chou and Kai-Hsiang Cheng and Jyh-Shing Roger Jang and Yi-Hsuan Yang},
      year={2019},
      eprint={1812.01269},
      archivePrefix={arXiv},
      primaryClass={cs.SD}
}

@misc{anand2019shot,
      title={Few Shot Speaker Recognition using Deep Neural Networks}, 
      author={Prashant Anand and Ajeet Kumar Singh and Siddharth Srivastava and Brejesh Lall},
      year={2019},
      eprint={1904.08775},
      archivePrefix={arXiv},
      primaryClass={eess.AS}
}

@misc{sabour2017dynamic,
      title={Dynamic Routing Between Capsules}, 
      author={Sara Sabour and Nicholas Frosst and Geoffrey E Hinton},
      year={2017},
      eprint={1710.09829},
      archivePrefix={arXiv},
      primaryClass={cs.CV}
}

@misc{medina2020selfsupervised,
      title={Self-Supervised Prototypical Transfer Learning for Few-Shot Classification}, 
      author={Carlos Medina and Arnout Devos and Matthias Grossglauser},
      year={2020},
      eprint={2006.11325},
      archivePrefix={arXiv},
      primaryClass={cs.LG}
}

@misc{chen2020selfsupervised,
      title={Self-Supervised Learning For Few-Shot Image Classification}, 
      author={Da Chen and Yuefeng Chen and Yuhong Li and Feng Mao and Yuan He and Hui Xue},
      year={2020},
      eprint={1911.06045},
      archivePrefix={arXiv},
      primaryClass={cs.CV}
}

@misc{guo2020broader,
      title={A Broader Study of Cross-Domain Few-Shot Learning}, 
      author={Yunhui Guo and Noel C. Codella and Leonid Karlinsky and James V. Codella and John R. Smith and Kate Saenko and Tajana Rosing and Rogerio Feris},
      year={2020},
      eprint={1912.07200},
      archivePrefix={arXiv},
      primaryClass={cs.CV}
}

@misc{gidaris2019boosting,
      title={Boosting Few-Shot Visual Learning with Self-Supervision}, 
      author={Spyros Gidaris and Andrei Bursuc and Nikos Komodakis and Patrick Pérez and Matthieu Cord},
      year={2019},
      eprint={1906.05186},
      archivePrefix={arXiv},
      primaryClass={cs.CV}
}

@BOOK{FILTERSWEB07,
	AUTHOR = "Julius O. Smith",
	TITLE = "Introduction to Digital Filters with Audio Applications",
	PUBLISHER = "\htmladdnormallink{\texttt{http:}}{http://ccrma.stanford.edu/~jos/filters/}\texttt{//\-ccrma.stanford.edu/\-\~{}jos/\-filters/}",
	YEAR = "2007",
        NOTE = "online book"
}

@book{mcgillem1991continuous,
  title={Continuous and Discrete Signal and System Analysis},
  author={McGillem, C.D. and Cooper, G.R.},
  isbn={9780030510199},
  lccn={90053273},
  series={Holt, Rinehart, and Winston series in electrical engineering},
  url={https://books.google.de/books?id=EI4oAQAAMAAJ},
  year={1991},
  publisher={Saunders College Pub.},
  page={118}
}

@article{flanagan1966phasevocoder,
author = {Flanagan, J. L. and Golden, R. M.},
title = {Phase Vocoder},
journal = {Bell System Technical Journal},
volume = {45},
number = {9},
pages = {1493-1509},
doi = {10.1002/j.1538-7305.1966.tb01706.x},
url = {https://onlinelibrary.wiley.com/doi/abs/10.1002/j.1538-7305.1966.tb01706.x},
eprint = {https://onlinelibrary.wiley.com/doi/pdf/10.1002/j.1538-7305.1966.tb01706.x},
abstract = {Avocoder technique is described in which speech signals are represented by their short-time phase and amplitude spectra. A complete transmission system utilizing this approach is simulated on a digital computer. The encoding method leads to an economy in transmission bandwidth and to a means for time compression and expansion of speech signals.},
year = {1966}
}

@article{portnoff20005timescale,
author = {Portnoff, Michael},
year = {2005},
month = {08},
pages = {},
title = {Time-scale modification of speech based on short-time Fourier analysis.}
}

@article{MOULINES1995175,
title = "Non-parametric techniques for pitch-scale and time-scale modification of speech",
journal = "Speech Communication",
volume = "16",
number = "2",
pages = "175 - 205",
year = "1995",
note = "Voice Conversion: State of the Art and Perspectives",
issn = "0167-6393",
doi = "https://doi.org/10.1016/0167-6393(94)00054-E",
url = "http://www.sciencedirect.com/science/article/pii/016763939400054E",
author = "Eric Moulines and Jean Laroche",
keywords = "Pitch-scale and time-scale transformations, Phase vocoder, PSOLA analysis-synthesis, Quasi-harmonic model"
}

@INPROCEEDINGS{prusa2017phasevocoder,
  author={Z. {Průša} and N. {Holighaus}},
  booktitle={2017 25th European Signal Processing Conference (EUSIPCO)}, 
  title={Phase vocoder done right}, 
  year={2017},
  volume={},
  number={},
  pages={976-980},
  doi={10.23919/EUSIPCO.2017.8081353}
}

@misc{zisserman2018selfsupervised,
      title  = "Self-Supervised Learning",
      author = "Andrew Zisserman",
      url    = "https://project.inria.fr/paiss/files/2018/07/zisserman-self-supervised.pdf",
      urldate = {2020-10-25}, 
      year   = {2018}
}

@misc{hosseini2020inceptioninspired,
      title={Inception-inspired LSTM for Next-frame Video Prediction}, 
      author={Matin Hosseini and Anthony S. Maida and Majid Hosseini and Gottumukkala Raju},
      year={2020},
      eprint={1909.05622},
      archivePrefix={arXiv},
      primaryClass={cs.CV}
}

@misc{gidaris2018unsupervised,
      title={Unsupervised Representation Learning by Predicting Image Rotations}, 
      author={Spyros Gidaris and Praveer Singh and Nikos Komodakis},
      year={2018},
      eprint={1803.07728},
      archivePrefix={arXiv},
      primaryClass={cs.CV}
}

@misc{mikolov2013efficient,
      title={Efficient Estimation of Word Representations in Vector Space}, 
      author={Tomas Mikolov and Kai Chen and Greg Corrado and Jeffrey Dean},
      year={2013},
      eprint={1301.3781},
      archivePrefix={arXiv},
      primaryClass={cs.CL}
}

@book{yang_zhang_dai_pan_2020, 
    place={Cambridge}, title={Transfer Learning}, 
    DOI={10.1017/9781139061773}, 
    publisher={Cambridge University Press}, 
    author={Yang, Qiang and Zhang, Yu and Dai, Wenyuan and Pan, Sinno Jialin},
    year={2020}
}

@incollection{NIPS1992_641,
    title = {Discriminability-Based Transfer between Neural Networks},
    author = {Pratt, L. Y.},
    booktitle = {Advances in Neural Information Processing Systems 5},
    editor = {S. J. Hanson and J. D. Cowan and C. L. Giles},
    pages = {204--211},
    year = {1993},
    publisher = {Morgan-Kaufmann},
    url = {http://papers.nips.cc/paper/641-discriminability-based-transfer-between-neural-networks.pdf}
}

@INPROCEEDINGS{shaha2018transfer,
  author={M. {Shaha} and M. {Pawar}},
  booktitle={2018 Second International Conference on Electronics, Communication and Aerospace Technology (ICECA)}, 
  title={Transfer Learning for Image Classification}, 
  year={2018},
  volume={},
  number={},
  pages={656-660},
  doi={10.1109/ICECA.2018.8474802}
}
  
@ARTICLE{pan2010transfer,
  author={S. J. {Pan} and Q. {Yang}},
  journal={IEEE Transactions on Knowledge and Data Engineering}, 
  title={A Survey on Transfer Learning}, 
  year={2010},
  volume={22},
  number={10},
  pages={1345-1359},
  doi={10.1109/TKDE.2009.191}
} 

@misc{fellicious2018transfer,
      title={Transfer Learning and Organic Computing for Autonomous Vehicles}, 
      author={Christofer Fellicious},
      year={2018},
      eprint={1808.05443},
      archivePrefix={arXiv},
      primaryClass={cs.LG}
}



@inproceedings{hadsell2006dimensionality,
  added-at = {2020-10-19T15:34:10.000+0200},
  author = {Hadsell, Raia and Chopra, Sumit and LeCun, Yann},
  biburl = {https://www.bibsonomy.org/bibtex/29c673b022181c5e147b8ad3043d58e73/uw_ws20_ml},
  booktitle = {CVPR (2)},
  crossref = {conf/cvpr/2006},
  ee = {http://doi.ieeecomputersociety.org/10.1109/CVPR.2006.100},
  interhash = {6ed4f0e63ac5347c7bd0f7c6f3cfb372},
  intrahash = {9c673b022181c5e147b8ad3043d58e73},
  isbn = {0-7695-2597-0},
  keywords = {from:konstantinkobs reserved thema thema:deep_metric_learning},
  pages = {1735-1742},
  publisher = {IEEE Computer Society},
  timestamp = {2020-10-22T15:18:17.000+0200},
  title = {Dimensionality Reduction by Learning an Invariant Mapping.},
  url = {http://dblp.uni-trier.de/db/conf/cvpr/cvpr2006-2.html#HadsellCL06},
  year = 2006
}

@misc{dosovitskiy2015discriminative,
      title={Discriminative Unsupervised Feature Learning with Exemplar Convolutional Neural Networks}, 
      author={Alexey Dosovitskiy and Philipp Fischer and Jost Tobias Springenberg and Martin Riedmiller and Thomas Brox},
      year={2015},
      eprint={1406.6909},
      archivePrefix={arXiv},
      primaryClass={cs.LG}
}

@misc{oord2019representation,
      title={Representation Learning with Contrastive Predictive Coding}, 
      author={Aaron van den Oord and Yazhe Li and Oriol Vinyals},
      year={2019},
      eprint={1807.03748},
      archivePrefix={arXiv},
      primaryClass={cs.LG}
}

@misc{bachman2019learning,
      title={Learning Representations by Maximizing Mutual Information Across Views}, 
      author={Philip Bachman and R Devon Hjelm and William Buchwalter},
      year={2019},
      eprint={1906.00910},
      archivePrefix={arXiv},
      primaryClass={cs.LG}
}

@misc{nopdanai2017vibration,
      title  = "Introduction to Mechanical Vibration",
      author = "Nopdanai Ajavakom",
      url    = "http://pioneer.netserv.chula.ac.th/~anopdana/433/ch1.pdf",
      urldate = {2020-10-25}, 
      year   = "2017"
}

@inproceedings{lezhenin2019urban,
    author = {Lezhenin, Iurii and Bogach, Natalia and Pyshkin, Evgeny},
    year = {2019},
    month = {09},
    pages = {57-60},
    title = {Urban Sound Classification using Long Short-Term Memory Neural Network},
    doi = {10.15439/2019F185}
}

@INPROCEEDINGS{zhao2019speechtransformer,
  author={Y. {zhao} and J. {Li} and X. {Wang} and Y. {Li}},
  booktitle={ICASSP 2019 - 2019 IEEE International Conference on Acoustics, Speech and Signal Processing (ICASSP)}, 
  title={The Speechtransformer for Large-scale Mandarin Chinese Speech Recognition}, 
  year={2019},
  volume={},
  number={},
  pages={7095-7099},
  doi={10.1109/ICASSP.2019.8682586}
}

@misc{fu2017raw,
      title={Raw Waveform-based Speech Enhancement by Fully Convolutional Networks}, 
      author={Szu-Wei Fu and Yu Tsao and Xugang Lu and Hisashi Kawai},
      year={2017},
      eprint={1703.02205},
      archivePrefix={arXiv},
      primaryClass={stat.ML}
}

@misc{dhariwal2020jukebox,
      title={Jukebox: A Generative Model for Music}, 
      author={Prafulla Dhariwal and Heewoo Jun and Christine Payne and Jong Wook Kim and Alec Radford and Ilya Sutskever},
      year={2020},
      eprint={2005.00341},
      archivePrefix={arXiv},
      primaryClass={eess.AS}
}

@article{lecun1989backpropagation,
title = "Backpropagation applied to handwritten zip code recognition",
author = "Yann Lecun and B. Boser and Denker, {J. S.} and D. Henderson and Howard, {R. E.} and W. Hubbard and L.D. Jackel",
year = "1989",
language = "English (US)",
volume = "1",
pages = "541--551",
journal = "Neural Computation",
issn = "0899-7667",
publisher = "MIT Press Journals",
number = "4",
}

@inproceedings{icml2010relu,
  added-at = {2019-04-03T00:00:00.000+0200},
  author = {Nair, Vinod and Hinton, Geoffrey E.},
  biburl = {https://www.bibsonomy.org/bibtex/2059683ca9b2457d248942520babbe000/dblp},
  booktitle = {ICML},
  editor = {Fürnkranz, Johannes and Joachims, Thorsten},
  ee = {https://icml.cc/Conferences/2010/papers/432.pdf},
  interhash = {acefcb0a5d1a937232f02f3fe0d5ab86},
  intrahash = {059683ca9b2457d248942520babbe000},
  keywords = {dblp},
  pages = {807-814},
  publisher = {Omnipress},
  timestamp = {2019-04-04T11:48:32.000+0200},
  title = {Rectified Linear Units Improve Restricted Boltzmann Machines.},
  url = {http://dblp.uni-trier.de/db/conf/icml/icml2010.html#NairH10},
  year = 2010
}

@inproceedings{scherer2010maxpool,
author = {Scherer, Dominik and Müller, Andreas and Behnke, Sven},
year = {2010},
month = {01},
pages = {92-101},
title = {Evaluation of Pooling Operations in Convolutional Architectures for Object Recognition},
isbn = {978-3-642-15824-7},
doi = {10.1007/978-3-642-15825-4_10}
}

@misc{wang2016time,
      title={Time Series Classification from Scratch with Deep Neural Networks: A Strong Baseline}, 
      author={Zhiguang Wang and Weizhong Yan and Tim Oates},
      year={2016},
      eprint={1611.06455},
      archivePrefix={arXiv},
      primaryClass={cs.LG}
}

@article{hochreiter1997lstm,
author = {Hochreiter, Sepp and Schmidhuber, Jürgen},
year = {1997},
month = {12},
pages = {1735-80},
title = {Long Short-term Memory},
volume = {9},
journal = {Neural computation},
doi = {10.1162/neco.1997.9.8.1735}
}

@misc{graves2013speech,
      title={Speech Recognition with Deep Recurrent Neural Networks}, 
      author={Alex Graves and Abdel-rahman Mohamed and Geoffrey Hinton},
      year={2013},
      eprint={1303.5778},
      archivePrefix={arXiv},
      primaryClass={cs.NE}
}

@incollection{NIPS2017_7181,
    title = {Attention is All you Need},
    author = {Vaswani, Ashish and Shazeer, Noam and Parmar, Niki and Uszkoreit, Jakob and Jones, Llion and Gomez, Aidan N and Kaiser, \L ukasz and Polosukhin, Illia},
    booktitle = {Advances in Neural Information Processing Systems 30},
    editor = {I. Guyon and U. V. Luxburg and S. Bengio and H. Wallach and R. Fergus and S. Vishwanathan and R. Garnett},
    pages = {5998--6008},
    year = {2017},
    publisher = {Curran Associates, Inc.},
    url = {http://papers.nips.cc/paper/7181-attention-is-all-you-need.pdf}
}

@misc{brown2020language,
      title={Language Models are Few-Shot Learners}, 
      author={Tom B. Brown and Benjamin Mann and Nick Ryder and Melanie Subbiah and Jared Kaplan and Prafulla Dhariwal and Arvind Neelakantan and Pranav Shyam and Girish Sastry and Amanda Askell and Sandhini Agarwal and Ariel Herbert-Voss and Gretchen Krueger and Tom Henighan and Rewon Child and Aditya Ramesh and Daniel M. Ziegler and Jeffrey Wu and Clemens Winter and Christopher Hesse and Mark Chen and Eric Sigler and Mateusz Litwin and Scott Gray and Benjamin Chess and Jack Clark and Christopher Berner and Sam McCandlish and Alec Radford and Ilya Sutskever and Dario Amodei},
      year={2020},
      eprint={2005.14165},
      archivePrefix={arXiv},
      primaryClass={cs.CL}
}

@article{Schroff_2015,
   title={FaceNet: A unified embedding for face recognition and clustering},
   ISBN={9781467369640},
   url={http://dx.doi.org/10.1109/CVPR.2015.7298682},
   DOI={10.1109/cvpr.2015.7298682},
   journal={2015 IEEE Conference on Computer Vision and Pattern Recognition (CVPR)},
   publisher={IEEE},
   author={Schroff, Florian and Kalenichenko, Dmitry and Philbin, James},
   year={2015},
   month={6}
}

@article{sohn2016improved,
	title={Improved Deep Metric Learning with Multi-class N-pair Loss Objective},
	author={Sohn, Kihyuk},
	journal={ADVANCES IN NEURAL INFORMATION PROCESSING SYSTEMS 29 (NIPS 2016)},
	pages={1849--1857},
	year={2016}
}

@misc{tu2020aag,
      title={AAG: Self-Supervised Representation Learning by Auxiliary Augmentation with GNT-Xent Loss}, 
      author={Yanlun Tu and Jianxing Feng and Yang Yang},
      year={2020},
      eprint={2009.07994},
      archivePrefix={arXiv},
      primaryClass={cs.CV}
}

@misc{giorgi2020declutr,
      title={DeCLUTR: Deep Contrastive Learning for Unsupervised Textual Representations}, 
      author={John M. Giorgi and Osvald Nitski and Gary D. Bader and Bo Wang},
      year={2020},
      eprint={2006.03659},
      archivePrefix={arXiv},
      primaryClass={cs.CL}
}

@misc{apoorv2020speechembeddings,
      title={Language Agnostic Speech Embeddings for Emotion Classification}, 
      author={Apoorv Nandan and Jithendra Vepa.},
      year={2020},
}

@InProceedings{Chung18b,
  author       = "Chung, J.~S. and Nagrani, A. and Zisserman, A.",
  title        = "VoxCeleb2: Deep Speaker Recognition",
  booktitle    = "INTERSPEECH",
  year         = "2018",
}

@misc{stowell2014xccoverbl,
      title  = "xccoverbl",
      author = "Dan Stowell and Xeno Canto contributors",
      url    = "https://archive.org/details/xccoverbl_2014",
      urldate = {2020-10-25}, 
      year   = "2014"
}

@inproceedings{panayotov2015librispeech,
author = {Panayotov, Vassil and Chen, Guoguo and Povey, Daniel and Khudanpur, Sanjeev},
year = {2015},
month = {04},
pages = {5206-5210},
title = {Librispeech: An ASR corpus based on public domain audio books},
doi = {10.1109/ICASSP.2015.7178964}
}

@InProceedings{Chung16a,
  author       = "Joon~Son Chung and Andrew Zisserman",
  title        = "Out of time: automated lip sync in the wild",
  booktitle    = "Workshop on Multi-view Lip-reading, ACCV",
  year         = "2016",
}

@software{reback2020pandas,
    author       = {The pandas development team},
    title        = {pandas-dev/pandas: Pandas},
    month        = feb,
    year         = 2020,
    publisher    = {Zenodo},
    version      = {latest},
    doi          = {10.5281/zenodo.3509134},
    url          = {https://doi.org/10.5281/zenodo.3509134}
}

@software{rubberband,
    author = {Particular Programs Ltd},
    title = {Rubberband},
    publisher = {Particular Programs Ltd},
    version = {latest},
    url = {https://breakfastquay.com/rubberband/}
}

@software{pyrubberband,
    author = {Brian McFee},
    title = {pyrubberband},
    version = {latest},
    url = {https://github.com/bmcfee/pyrubberband}

}

@Article{         harris2020array,
 title         = {Array programming with {NumPy}},
 author        = {Charles R. Harris and K. Jarrod Millman and St{'{e}}fan J.
                 van der Walt and Ralf Gommers and Pauli Virtanen and David
                 Cournapeau and Eric Wieser and Julian Taylor and Sebastian
                 Berg and Nathaniel J. Smith and Robert Kern and Matti Picus
                 and Stephan Hoyer and Marten H. van Kerkwijk and Matthew
                 Brett and Allan Haldane and Jaime Fern{'{a}}ndez del
                 R{'{i}}o and Mark Wiebe and Pearu Peterson and Pierre
                 G{'{e}}rard-Marchant and Kevin Sheppard and Tyler Reddy and
                 Warren Weckesser and Hameer Abbasi and Christoph Gohlke and
                 Travis E. Oliphant},
 year          = {2020},
 month         = 9,
 journal       = {Nature},
 volume        = {585},
 number        = {7825},
 pages         = {357--362},
 doi           = {10.1038/s41586-020-2649-2},
 publisher     = {Springer Science and Business Media {LLC}},
 url           = {https://doi.org/10.1038/s41586-020-2649-2}
}

@ARTICLE{2020SciPy-NMeth,
  author  = {Virtanen, Pauli and Gommers, Ralf and Oliphant, Travis E. and
            Haberland, Matt and Reddy, Tyler and Cournapeau, David and
            Burovski, Evgeni and Peterson, Pearu and Weckesser, Warren and
            Bright, Jonathan and {van der Walt}, St{\'e}fan J. and
            Brett, Matthew and Wilson, Joshua and Millman, K. Jarrod and
            Mayorov, Nikolay and Nelson, Andrew R. J. and Jones, Eric and
            Kern, Robert and Larson, Eric and Carey, C J and
            Polat, {\.I}lhan and Feng, Yu and Moore, Eric W. and
            {VanderPlas}, Jake and Laxalde, Denis and Perktold, Josef and
            Cimrman, Robert and Henriksen, Ian and Quintero, E. A. and
            Harris, Charles R. and Archibald, Anne M. and
            Ribeiro, Ant{\^o}nio H. and Pedregosa, Fabian and
            {van Mulbregt}, Paul and {SciPy 1.0 Contributors}},
  title   = {{{SciPy} 1.0: Fundamental Algorithms for Scientific
            Computing in Python}},
  journal = {Nature Methods},
  year    = {2020},
  volume  = {17},
  pages   = {261--272},
  adsurl  = {https://rdcu.be/b08Wh},
  doi     = {10.1038/s41592-019-0686-2},
}

@inproceedings{mcfee2015librosa,
  title={librosa: Audio and music signal analysis in python},
  author={McFee, Brian and Raffel, Colin and Liang, Dawen and Ellis, Daniel PW and McVicar, Matt and Battenberg, Eric and Nieto, Oriol},
  booktitle={Proceedings of the 14th python in science conference},
  volume={8},
  year={2015}
}

@misc{tensorflow2015-whitepaper,
title={ {TensorFlow}: Large-Scale Machine Learning on Heterogeneous Systems},
url={https://www.tensorflow.org/},
note={Software available from tensorflow.org},
author={
    Mart\'{i}n~Abadi and
    Ashish~Agarwal and
    Paul~Barham and
    Eugene~Brevdo and
    Zhifeng~Chen and
    Craig~Citro and
    Greg~S.~Corrado and
    Andy~Davis and
    Jeffrey~Dean and
    Matthieu~Devin and
    Sanjay~Ghemawat and
    Ian~Goodfellow and
    Andrew~Harp and
    Geoffrey~Irving and
    Michael~Isard and
    Yangqing Jia and
    Rafal~Jozefowicz and
    Lukasz~Kaiser and
    Manjunath~Kudlur and
    Josh~Levenberg and
    Dandelion~Man\'{e} and
    Rajat~Monga and
    Sherry~Moore and
    Derek~Murray and
    Chris~Olah and
    Mike~Schuster and
    Jonathon~Shlens and
    Benoit~Steiner and
    Ilya~Sutskever and
    Kunal~Talwar and
    Paul~Tucker and
    Vincent~Vanhoucke and
    Vijay~Vasudevan and
    Fernanda~Vi\'{e}gas and
    Oriol~Vinyals and
    Pete~Warden and
    Martin~Wattenberg and
    Martin~Wicke and
    Yuan~Yu and
    Xiaoqiang~Zheng},
  year={2015},
}

@misc{chung2020delving,
      title={Delving into VoxCeleb: environment invariant speaker recognition}, 
      author={Joon Son Chung and Jaesung Huh and Seongkyu Mun},
      year={2020},
      eprint={1910.11238},
      archivePrefix={arXiv},
      primaryClass={cs.SD}
}

@article{Okabe_2018,
   title={Attentive Statistics Pooling for Deep Speaker Embedding},
   url={http://dx.doi.org/10.21437/Interspeech.2018-993},
   DOI={10.21437/interspeech.2018-993},
   journal={Interspeech 2018},
   publisher={ISCA},
   author={Okabe, Koji and Koshinaka, Takafumi and Shinoda, Koichi},
   year={2018},
   month={9}
}

@article{yang2020speakerveri,
    title={Automatic speaker verification and diarization on VoxCeleb data collection},
    url={https://smartech.gatech.edu/handle/1853/62830},
    author={Yang Yufeng},
    year={2020},
    month={6}
}

@misc{chatfield2014return,
      title={Return of the Devil in the Details: Delving Deep into Convolutional Nets}, 
      author={Ken Chatfield and Karen Simonyan and Andrea Vedaldi and Andrew Zisserman},
      year={2014},
      eprint={1405.3531},
      archivePrefix={arXiv},
      primaryClass={cs.CV}
}

@misc{kingma2017adam,
      title={Adam: A Method for Stochastic Optimization}, 
      author={Diederik P. Kingma and Jimmy Ba},
      year={2017},
      eprint={1412.6980},
      archivePrefix={arXiv},
      primaryClass={cs.LG}
}

@book{butterworth1930filter,
      title={On the Theory of Filter Amplifiers}, 
      author={S. Butterworth},
      year={1930},
      booktitle={Experimental Wireless and the Wireless Engineere},
      volume={7},
      pages={536-541}
}

@misc{devlin2019bert,
      title={BERT: Pre-training of Deep Bidirectional Transformers for Language Understanding}, 
      author={Jacob Devlin and Ming-Wei Chang and Kenton Lee and Kristina Toutanova},
      year={2019},
      eprint={1810.04805},
      archivePrefix={arXiv},
      primaryClass={cs.CL}
}

@misc{viashin2019,
      title  = "v-iashin/VoxCeleb",
      author = "Vladimir Iashin",
      url    = "https://github.com/v-iashin/VoxCeleb",
      urldate = {2020-10-25}, 
      year   = "2019"
}

@article{1901pca,
author = { Karl   Pearson   F.R.S. },
title = {LIII. On lines and planes of closest fit to systems of points in space},
journal = {The London, Edinburgh, and Dublin Philosophical Magazine and Journal of Science},
volume = {2},
number = {11},
pages = {559-572},
year  = {1901},
publisher = {Taylor & Francis},
doi = {10.1080/14786440109462720},
}

@misc{he2015deep,
      title={Deep Residual Learning for Image Recognition}, 
      author={Kaiming He and Xiangyu Zhang and Shaoqing Ren and Jian Sun},
      year={2015},
      eprint={1512.03385},
      archivePrefix={arXiv},
      primaryClass={cs.CV}
}